@Misc{ASM,
  title =    "{ASM} website",
  howpublished = "\url{http://asm.ow2.org/}",
}

@Misc{CF,
  title =    "{Checker Framework} website",
  howpublished = "\url{http://types.cs.washington.edu/checker-framework/}",
}
